@INPROCEEDINGS{Watson2016,
       author = {{Watson}, Alan M. and {Cuevas Cardona}, Salvador and {Alvarez Nu{\~n}ez}, Luis C. and {{\'A}ngeles}, Fernando and {Becerra-God{\'\i}nez}, Rosa L. and {Chapa}, Oscar and {Farah}, Alejandro S. and {Fuentes-Fern{\'a}ndez}, Jorge and {Figueroa}, Liliana and {Langarica Lebre}, Rosal{\'\i}a. and {Quir{\'o}z}, Fernando and {Rom{\'a}n-Z{\'u}{\~n}iga}, Carlos G. and {Ru{\'\i}z-Di{\'a}z-Soto}, Jaime and {Tejada}, Carlos and {Tinoco}, Silvio J.},
        title = "{COATLI: an all-sky robotic optical imager with 0.3 arcsec image quality}",
     keywords = {Astrophysics - Instrumentation and Methods for Astrophysics},
    booktitle = {Ground-based and Airborne Instrumentation for Astronomy VI},
         year = 2016,
       editor = {{Evans}, Christopher J. and {Simard}, Luc and {Takami}, Hideki},
       series = {Society of Photo-Optical Instrumentation Engineers (SPIE) Conference Series},
       volume = {9908},
        month = aug,
          eid = {99085O},
        pages = {99085O},
          doi = {10.1117/12.2233000},
archivePrefix = {arXiv},
       eprint = {1606.00690},
 primaryClass = {astro-ph.IM},
       adsurl = {https://ui.adsabs.harvard.edu/abs/2016SPIE.9908E..5OW},
      adsnote = {Provided by the SAO/NASA Astrophysics Data System}
}